@MISC{Hebrail+Berard:2012 ,
	author = "G. Hebrail and A. Berard",
	title = "Individual household electric power consumption Data Set",
	year = "2012",
	howpublished = "\url{http://archive.ics.uci.edu/ml/datasets/Individual+household+electric+power+consumption}",
	institution = "EDF R&D" 	} 

@MISC{industryportfolio ,
	title = "Industry-portfolio",
	year = "2011",
	howpublished = "\url{http://mldata.org/repository/data/viewslug/industry-portfolio/}"	} 

@article{Jaeger1,
title = "Optimization and applications of echo state networks with leaky- integrator neurons ",
journal = "Neural Networks ",
volume = "20",
number = "3",
pages = "335 - 352",
year = "2007",
note = "Echo State Networks and Liquid State Machines",
issn = "0893-6080",
doi = "10.1016/j.neunet.2007.04.016",
url = "http://www.sciencedirect.com/science/article/pii/S089360800700041X",
author = "Herbert Jaeger and Mantas Lukoševičius and Dan Popovici and Udo Siewert",
keywords = "Recurrent neural networks",
keywords = "Pattern generation",
keywords = "Speaker classification "
}

@INPROCEEDINGS{Jaeger2,
author={Jaeger, H.},
booktitle={Neural Networks, 2005. IJCNN '05. Proceedings. 2005 IEEE International Joint Conference on}, title={Reservoir riddles: suggestions for echo state network research},
year={2005},
volume={3},
pages={1460-1462 vol. 3},
keywords={learning (artificial intelligence);neural nets;dynamical representation;dynamical reservoir network;dynamical system;echo state network research;learning algorithm;linear readout neuron;Biological system modeling;Computer architecture;Electronic mail;Heuristic algorithms;Machine learning;Neurons;Output feedback;Recurrent neural networks;Reservoirs;Stability},
doi={10.1109/IJCNN.2005.1556090}
}